<record><leader>00000cas a22000007a 4500</leader><controlfield tag="001">32737408</controlfield><controlfield tag="008">950630d1902190uokudr n       0    0eng d</controlfield><datafield ind1=" " ind2=" " tag="010"><subfield code="a">sn 95076268 </subfield></datafield><datafield ind1=" " ind2=" " tag="040"><subfield code="a">OBN</subfield><subfield code="b">eng</subfield><subfield code="c">OBN</subfield><subfield code="d">OCLCQ</subfield><subfield code="d">OCLCF</subfield><subfield code="d">OCLCO</subfield></datafield><datafield ind1="1" ind2=" " tag="029"><subfield code="a">AU@</subfield><subfield code="b">000011869126</subfield></datafield><datafield ind1=" " ind2=" " tag="042"><subfield code="a">msc</subfield></datafield><datafield ind1=" " ind2=" " tag="043"><subfield code="a">n-us-ok</subfield></datafield><datafield ind1="0" ind2=" " tag="130"><subfield code="a">Daily democrat (Stillwater, Okla.)</subfield></datafield><datafield ind1="1" ind2="4" tag="245"><subfield code="a">The Daily democrat.</subfield></datafield><datafield ind1="3" ind2=" " tag="246"><subfield code="a">Stillwater daily democrat</subfield></datafield><datafield ind1=" " ind2=" " tag="260"><subfield code="a">Stillwater, Payne County, Okla. :</subfield><subfield code="b">I.O. Diggs</subfield></datafield><datafield ind1=" " ind2=" " tag="300"><subfield code="a">v.</subfield></datafield><datafield ind1=" " ind2=" " tag="310"><subfield code="a">Daily (except Sun.)</subfield></datafield><datafield ind1=" " ind2=" " tag="580"><subfield code="a">Weekly edition : Stillwater democrat (Stillwater, Okla. : 1899), and : Advance-democrat (Stillwater, Okla.), 1905-</subfield></datafield><datafield ind1=" " ind2=" " tag="588"><subfield code="a">Description based on: Vol. 1, no. 105 (Jan. 28, 1903).</subfield></datafield><datafield ind1=" " ind2="0" tag="651"><subfield code="a">Stillwater (Okla.)</subfield><subfield code="v">Newspapers.</subfield></datafield><datafield ind1=" " ind2="0" tag="651"><subfield code="a">Payne County (Okla.)</subfield><subfield code="v">Newspapers.</subfield></datafield><datafield ind1=" " ind2="7" tag="655"><subfield code="a">Newspapers.</subfield><subfield code="2">fast</subfield><subfield code="0">(OCoLC)fst01423814</subfield></datafield><datafield ind1=" " ind2="7" tag="651"><subfield code="a">Oklahoma</subfield><subfield code="z">Payne County.</subfield><subfield code="2">fast</subfield><subfield code="0">(OCoLC)fst01219312</subfield></datafield><datafield ind1=" " ind2="7" tag="651"><subfield code="a">Oklahoma</subfield><subfield code="z">Stillwater.</subfield><subfield code="2">fast</subfield><subfield code="0">(OCoLC)fst01205001</subfield></datafield><datafield ind1=" " ind2=" " tag="752"><subfield code="a">United States</subfield><subfield code="b">Oklahoma</subfield><subfield code="c">Payne</subfield><subfield code="d">Stillwater.</subfield></datafield><datafield ind1="0" ind2=" " tag="775"><subfield code="t">Stillwater democrat (Stillwater, Okla. : 1899)</subfield><subfield code="w">(DLC)sn 95076257</subfield></datafield><datafield ind1="0" ind2=" " tag="775"><subfield code="t">Advance-democrat (Stillwater, Okla.)</subfield><subfield code="w">(DLC)sn 95076262</subfield></datafield></record>